<?xml version="1.0" encoding="UTF-8"?><record xmlns="http://www.loc.gov/MARC21/slim" xmlns:cinclude="http://apache.org/cocoon/include/1.0" xmlns:zs="http://www.loc.gov/zing/srw/">
  <leader>00426nz  a2200133n  4500</leader>
  <controlfield tag="001">n  85254610 </controlfield>
  <controlfield tag="003">DLC</controlfield>
  <controlfield tag="005">19861115061024.9</controlfield>
  <controlfield tag="008">860918n| acannaab|          |a aaa |||  </controlfield>
  <datafield tag="010" ind1=" " ind2=" ">
    <subfield code="a">n  85254610 </subfield>
  </datafield>
  <datafield tag="040" ind1=" " ind2=" ">
    <subfield code="a">DLC</subfield>
    <subfield code="c">DLC</subfield>
  </datafield>
  <datafield tag="100" ind1="1" ind2="0">
    <subfield code="a">Makarov, M. S.</subfield>
    <subfield code="q">(Mikhail Semenovich)</subfield>
  </datafield>
  <datafield tag="400" ind1="1" ind2="0">
    <subfield code="a">Makarov, Mikhail Semenovich</subfield>
  </datafield>
  <datafield tag="670" ind1=" " ind2=" ">
    <subfield code="a">Kalinchev, V. A. Namotannye stekloplastiki, 1986:</subfield>
    <subfield code="b">t.p. (M. S. Makarov) colophon (Makarov Mikhail Semenovich)</subfield>
  </datafield>
</record>